@misc{bitcoin,
author= {Satoshi Nakamoto},
  title = {Bitcoin: A Peer-to-Peer Electronic Cash System},
  howpublished = {\url{http://www.bitcoin.org}},
  note = {Accessed: 15-10-2014}
}
@misc{Bittorrent,
author= {Bram Cohen},
  title = {The BitTorrent Protocol Specification},
  howpublished = {\url{http://www.bittorrent.org/beps/bep_0003.html}},
  note = {Accessed: 15-10-2014}
}
@misc{BittorrentSpec,
author= {Various},
  title = {The BitTorrent Protocol Specification},
  howpublished = {\url{https://wiki.theory.org/BitTorrentSpecification}},
  note = {Accessed: 15-10-2014}
}
@misc{ClientServer,
author= {TechSoup},
  title = {Client Server},
  howpublished = {\url{http://www.ictknowledgebase.org.uk/uploads/RTEmagicC_clientserver.gif.gif}},
  note = {Accessed: 15-10-2014}
}
@misc{PeerToPeer,
author= {TechSoup},
  title = {Peer to Peer networks},
  howpublished = {\url{http://www.ictknowledgebase.org.uk/peertopeernetworks}},
  note = {Accessed: 15-10-2014}
}
@misc{Cisco,
author= {Cisco},
  title = {Cisco Visual Networking Index: Forecast and Methodology, 2013–2018},
  howpublished = {\url{http://www.cisco.com/c/en/us/solutions/collateral/service-provider/ip-ngn-ip-next-generation-network/white_paper_c11-481360.html}},
  note = {Accessed: 15-10-2014}
}
@misc{PirateBayBrowser,
author= {TorrentFreak.com},
  title = {How the Pirate Bay Plans to Beat Censorship for Good},
  howpublished = {\url{ttps://torrentfreak.com/how-the-pirate-bay-plans-to-beat-censorship-for-good-140105/}},
  note = {Accessed: 18-10-2014}
}
@article{GnutellaCase,
	Author = {Matei Ripeanu},
	Journal = {Peer-to-Peer Computing, 2001. Proceedings. First International Conference on},
	Month = {August},
	Numpages = {2},
	Pages = {99 - 100},
	Title = {Mapping the Gnutella Network: Properties of Large-Scale Peer-to-Peer Systems and Implications for System Design},
	Url = {http://ieeexplore.ieee.org/xpls/abs_all.jsp?arnumber=990433},
	Year = {2001}}
	
@article{FreeRiding,
	Author = {Daniel Hughes and Geoff Coulson and James Walkerdine},
	Journal = {IEEE DISTRIBUTED SYSTEMS ONLINE},
	Month = {June},
	Numpages = {18},
	Title = {Free Riding on Gnutella Revisited: The Bell Tolls?},
	Url = {http://ieeexplore.ieee.org/xpls/abs_all.jsp?arnumber=1471660},
	Year = {2005}}

@article{FreeWeb,
  Author = {Haiying Shen and Alex X. Liu and Lianyu Zhao1},
  Journal = {Parallel Processing (ICPP), 2013 42nd International Conference on},
  Month = {October},
  Numpages = {10},
  Title = {Freeweb: P2P-Assisted Collaborative Censorship-Resistant Web Browsing},
  Url = {http://ieeexplore.ieee.org/stamp/stamp.jsp?tp=&arnumber=6687346},
  Year = {2013}}

@article{Weiser,
  Author = {Mark Weiser},
  Journal = {Parallel Processing (ICPP), 2013 42nd International Conference on},
  Month = {October},
  Numpages = {10},
  Title = {The Computer for the 21st Century},
  Url = {http://ieeexplore.ieee.org/stamp/stamp.jsp?tp=&arnumber=6687346},
  Year = {2013}}

@article{DesignSpace,
  Author = {KAY RÖMER AND FRIEDEMANN MATTERN},
  Journal = {Wireless Communications, IEEE  (Volume:11 ,  Issue: 6 )},
  Month = {December},
  Numpages = {7},
  Title = {THE DESIGN SPACE OF WIRELESS SENSOR NETWORKS},
  Url = {http://ieeexplore.ieee.org/xpls/abs_all.jsp?arnumber=1368897&tag=1},
  Year = {2004}}

@article{TinyTorrents,
  Author = {Ciaran Mc Goldrick and Michael Clear and Ricardo Simon Carbajo and Karsten Fritsche and Meriel Huggard},
  Journal = {Wireless On-Demand Network Systems and Services, 2009. WONS 2009. Sixth International Conference on},
  Month = {February},
  Numpages = {7},
  Title = {TinyTorrents - Integrating Peer-to-Peer and Wireless Sensor Networks},
  Url = {http://www.dsg.cs.tcd.ie/tinytorrents},
  Year = {2009}}

@article{EMD,
  Author = {Shibo He and Xu Li and Jiming Chen and Peng Cheng and Youxian Sun and David Simplot-Ryl},
  Journal = {IEEE JOURNAL ON SELECTED AREAS IN COMMUNICATIONS/SUPPLEMENT, VOL. 31, NO. 9},
  Month = {SEPTEMBER},
  Numpages = {9},
  Title = {EMD: Energy-Efficient P2P Message Dissemination in Delay-Tolerant Wireless Sensor and Actor Networks},
  Url = {http://ieeexplore.ieee.org/xpl/articleDetails. jsp?tp=&arnumber=6560067&queryText%3Demd+p2p},
  Year = {2013}
}
@misc{DistSys,
	Author = {George Coulouris and Jean Dollimore and Tim Kindberg and Gordon Blair},
	Title = {Distributed Systems, Concepts and Design, Fifth Edition}
}
@article{satyanarayanan2009case,
  title={The case for vm-based cloudlets in mobile computing},
  author={Satyanarayanan, Mahadev and Bahl, Paramvir and Caceres, Ram{\'o}n and Davies, Nigel},
  journal={Pervasive Computing, IEEE},
  volume={8},
  number={4},
  pages={14--23},
  year={2009},
  publisher={IEEE}
}
@article{catarci2008pervasive,
  title={Pervasive software environments for supporting disaster responses},
  author={Catarci, Tiziana and de Leoni, Massimiliano and Marrella, Andrea and Mecella, Massimo and Salvatore, Berardino and Vetere, Guido and Dustdar, Schahram and Juszczyk, Lukasz and Manzoor, Atif and Truong, Hong-Linh},
  journal={Internet Computing, IEEE},
  volume={12},
  number={1},
  pages={26--37},
  year={2008},
  publisher={IEEE}
}
@article{kortuem2010smart,
  title={Smart objects as building blocks for the internet of things},
  author={Kortuem, Gerd and Kawsar, Fahim and Fitton, Daniel and Sundramoorthy, Vasughi},
  journal={Internet Computing, IEEE},
  volume={14},
  number={1},
  pages={44--51},
  year={2010},
  publisher={IEEE}
}
@article{satyanarayanan2011mobile,
  title={Mobile computing: the next decade},
  author={Satyanarayanan, Mahadev},
  journal={ACM SIGMOBILE Mobile Computing and Communications Review},
  volume={15},
  number={2},
  pages={2--10},
  year={2011},
  publisher={ACM}
}
@misc{apple,
author= {9to5mac},
  title = {iOS 8 uses peer-to-peer connections for AirPlay to Apple TV, no longer needs a network},
  howpublished = {\url{http://9to5mac.com/2014/06/03/ios-8-uses-peer-to-peer-connections-for-airplay-to-apple-tv-no-longer-needs-a-network/}},
  note = {Accessed: 10-11-2014}
}
@misc{http_diagram,
author= {probablycopyrighted.com},
  title = {HTTP Diagram},
  howpublished = {\url{http://probablycopyrighted.com/wp-content/uploads/http_diagram.png}},
  note = {Accessed: 15-10-2014}
}
@misc{IFTTT,
author= {ifttt.com},
  title = {IFTTT},
  howpublished = {\url{https://ifttt.com/wtf}},
  note = {Accessed: 18-11-2014}
}
@misc{Forbes,
author= {Patrick Baillie},
  title = {Can European Firms Legally Use U.S. Clouds To Store Data?},
  howpublished = {\url{http://www.forbes.com/sites/ciocentral/2012/01/02/can-european-firms-legally-use-u-s-clouds-to-store-data/}},
  note = {Accessed: 15-10-2014}
}
@misc{howstuffworks,
author= {howstuffworks.com},
  title = {P2P diagram},
  howpublished = {\url{http://static.howstuffworks.com/gif/file-sharing1.gif}},
  note = {Accessed: 15-10-2014}
}
@incollection{eberspacher20055,
  title={5. First and Second Generation of Peer-to-Peer Systems},
  author={Ebersp{\"a}cher, J{\"o}rg and Schollmeier, R{\"u}diger},
  booktitle={Peer-to-Peer Systems and Applications},
  pages={35--56},
  year={2005},
  publisher={Springer}
}

